@article{hertz1887,
	Author = {H. Hertz},
	Title = {Ueber den Einfluss des ultravioletten Lichtes auf die electrische Entladung [{O}n an effect of ultra-violet light upon the electrical discharge]},
	Journal = {Annalen der Physik},
	Volume = {267},
	Number = {8},
	Pages = {983--1000},
	Year = {1887}
	}
	
@article{einstein1905,
	Author = {A. Einstein},
	Title = {On a Heuristic Point of View Toward the Emission and Transformation of Light},
	Journal = {Annelen der Physik},
	Volume = {17},
	Pages = {132--148},
	Year = {1905}
	}
	
@article{millikan1914,
   author = {{Millikan}, R.~A.},
    title = "{A Direct Determination of ``h.''}",
  journal = {Physical Review},
     year = 1914,
    olume = 4,
    pages = {73--75},
      doi = {10.1103/PhysRev.4.73.2},
   adsurl = {http://adsabs.harvard.edu/abs/1914PhRv....4R..73M},
  adsnote = {Provided by the SAO/NASA Astrophysics Data System}
}

@article{millikan1916,
   author = {{Millikan}, R.~A.},
    title = "{A Direct Photoelectric Determination of Planck's ``h''}",
  journal = {Physical Review},
     year = 1916,
    olume = 7,
    pages = {355--388},
      doi = {10.1103/PhysRev.7.355},
   adsurl = {http://adsabs.harvard.edu/abs/1916PhRv....7..355M},
  adsnote = {Provided by the SAO/NASA Astrophysics Data System}
}


